<?xml version="1.0" encoding="UTF-8"?><collection><record><leader>04435ntm a2200565 a 4500</leader><controlfield tag="001">006833486</controlfield><controlfield tag="003">MiAaHDL</controlfield><controlfield tag="005">20190719000000.0</controlfield><controlfield tag="006">m        d        </controlfield><controlfield tag="007">cr bn ---auaua</controlfield><controlfield tag="008">090630s193u    xx            00| ||ara d</controlfield><datafield tag="035" ind1=" " ind2=" "><subfield code="a">(MiU)006833486</subfield></datafield><datafield tag="035" ind1=" " ind2=" "><subfield code="a">sdr-miu006833486</subfield></datafield><datafield tag="040" ind1=" " ind2=" "><subfield code="a">MiU</subfield><subfield code="c">MiU</subfield><subfield code="e">amremm</subfield></datafield><datafield tag="043" ind1=" " ind2=" "><subfield code="a">n-us-mi</subfield></datafield><datafield tag="100" ind1="0" ind2=" "><subfield code="6">880-01</subfield><subfield code="a">Avicenna,</subfield><subfield code="d">980-1037.</subfield></datafield><datafield tag="240" ind1="1" ind2="0"><subfield code="6">880-02</subfield><subfield code="a">Ishārāt wa-al-tanbīhāt.</subfield><subfield code="k">Selections</subfield></datafield><datafield tag="245" ind1="1" ind2="3"><subfield code="6">880-03</subfield><subfield code="a">al-Ghāʼib al-mastūr fī ṭayy al-ḥāḍir al-mashhūd min Ishārāt al-Raʼīs Abī ʻAlī,</subfield><subfield code="f">[193-?].</subfield></datafield><datafield tag="246" ind1="3" ind2="8"><subfield code="a">غائب المفقود للاشارات</subfield></datafield><datafield tag="246" ind1="3" ind2=" "><subfield code="i">Title from inscription on 'title page' for each section:</subfield><subfield code="a">اشارات</subfield></datafield><datafield tag="246" ind1="3" ind2=" "><subfield code="i">Title from inscription on opening 'title page' (p.1):</subfield><subfield code="a">غائب المفقود في طي الحاضر الشهود</subfield></datafield><datafield tag="260" ind1=" " ind2=" "><subfield code="c">[193-?].</subfield></datafield><datafield tag="300" ind1=" " ind2=" "><subfield code="a">39 leaves :</subfield><subfield code="b">paper ;</subfield><subfield code="c">200 x 164 mm. bound to 207 x 172 mm.</subfield></datafield><datafield tag="500" ind1=" " ind2=" "><subfield code="a">Shelfmark: Ann Arbor, University of Michigan, Special Collections Library, Isl. Ms. 978</subfield></datafield><datafield tag="500" ind1=" " ind2=" "><subfield code="a">Origin: Lacks dated scribal colophon ; likely copied in Egypt in the late 1930s and bound for James Heyworth-Dunne (d.1974).</subfield></datafield><datafield tag="500" ind1=" " ind2=" "><subfield code="a">Former shelfmark: Mich. Isl. Ms. temp. no. 127</subfield></datafield><datafield tag="500" ind1=" " ind2=" "><subfield code="a">Binding: Boards covered in textured black cloth with black leather over spine (quarter binding) ; pastedowns and flyleaves in wove paper printed with a floral vegetal pattern in pink and green ; spine gold-stamped with title and decorative accents over raised bands "الغائب المفقود للاشارات" ; sewn in heavy white thread, seemingly over two recessed cords (difficult to examine) ; overall in fairly good condition with minor abrasion at spine and board edges.</subfield></datafield><datafield tag="500" ind1=" " ind2=" "><subfield code="a">Support: Wove paper.</subfield></datafield><datafield tag="500" ind1=" " ind2=" "><subfield code="a">Decoration: Text executed entirely in a pinkish-red ink.</subfield></datafield><datafield tag="500" ind1=" " ind2=" "><subfield code="a">Script: Ruqʻah ; quick, compact hand in a medium line ; serifless and freely ligatured with effect of inclination to the left and of words descending to baseline, mainly closed counters, pointing somewhat careless and in strokes rather than distinct dots, final yāʼ usually unpointed ; opening leaves in a more carefully executed naskh with elements of ruqʻah.</subfield></datafield><datafield tag="500" ind1=" " ind2=" "><subfield code="a">Layout: Written in 10-12 lines per page.</subfield></datafield><datafield tag="500" ind1=" " ind2=" "><subfield code="a">Collation: i, 3 V(30), V-1 (39), i ; exclusively quinions ; pages between sections (corresponding to gatherings) left blank, with some serving as section 'title pages' (see pp.21, 41, 61) ; catchwords present ; pagination in pencil, Western numerals, supplied during digitization.</subfield></datafield><datafield tag="500" ind1=" " ind2=" "><subfield code="a">Explicit: "قد عرفت اصناف المقدمات في مواضعها النمط الثامن في البهجة والسعادة"</subfield></datafield><datafield tag="500" ind1=" " ind2=" "><subfield code="a">Incipit: "النمط الرابع في الوجود وعلله انه قد يغلب على اوهام الناس ان الموجود هو المحسوس وان ما لا يناله الحس بجوهره ففرض وجوده محال ..."</subfield></datafield><datafield tag="500" ind1=" " ind2=" "><subfield code="a">Title from inscription on opening 'title page' (p.1).</subfield></datafield><datafield tag="500" ind1=" " ind2=" "><subfield code="a">Ms. codex.</subfield></datafield><datafield tag="510" ind1="4" ind2=" "><subfield code="a">Brockelmann, C. GAL,</subfield><subfield code="c">I 452 ff. ; S I 816</subfield></datafield><datafield tag="520" ind1="8" ind2=" "><subfield code="a">Carefuly copy of a selection of extracts from Ibn Sīnā's (d.1037) al-Ishārāt wa-al-tanbīhāt, opening in al-Namaṭ al-rābiʻ and concluding with al-Namaṭ al-sābiʻ.</subfield></datafield><datafield tag="538" ind1=" " ind2=" "><subfield code="a">Mode of access: Internet.</subfield></datafield><datafield tag="541" ind1=" " ind2=" "><subfield code="a">Acquired in the Fall of 1950.</subfield></datafield><datafield tag="546" ind1=" " ind2=" "><subfield code="a">Arabic.</subfield></datafield><datafield tag="561" ind1=" " ind2=" "><subfield code="a">On upper pastedown label with ex libris of James Heyworth-Dunne (d.1974), stamped with inventory number, "Ex Libris | J. Heyworth-Dunne | D. Lit. (London) | No. 7922" ; UM Library inscription on p.3 "Dunning | Heyworth-Dunne | 6-13-51 | 71955" ; a few interlinear and marginal corrections in same red ink ; a few marginal glosses (see p.2 and p.25).</subfield></datafield><datafield tag="650" ind1=" " ind2="0"><subfield code="a">Manuscripts, Arabic</subfield><subfield code="z">Michigan</subfield><subfield code="z">Ann Arbor.</subfield></datafield><datafield tag="650" ind1=" " ind2="0"><subfield code="a">Islamic philosophy</subfield><subfield code="v">Early works to 1800.</subfield></datafield><datafield tag="700" ind1="1" ind2=" "><subfield code="a">Heyworth-Dunne, J.</subfield><subfield code="q">(James),</subfield><subfield code="e">former owner.</subfield></datafield><datafield tag="773" ind1="0" ind2=" "><subfield code="a">Heyworth-Dunne Collection.</subfield></datafield><datafield tag="880" ind1="1" ind2="2"><subfield code="6">245-03/</subfield><subfield code="a">الغائب المستور في طي الحاضر المشهود من اشارات الرئيس ابي علي,</subfield><subfield code="f">[193-م?].</subfield></datafield><datafield tag="880" ind1="1" ind2="0"><subfield code="6">240-02/</subfield><subfield code="a">اشارات والتنبيهات.</subfield><subfield code="k">مختارات</subfield></datafield><datafield tag="880" ind1="0" ind2=" "><subfield code="6">100-01/</subfield><subfield code="a">ابن سينا.</subfield></datafield><datafield tag="CID" ind1=" " ind2=" "><subfield code="a">006833486</subfield></datafield><datafield tag="DAT" ind1="0" ind2=" "><subfield code="a">20190719102641.0</subfield><subfield code="b">20190719000000.0</subfield></datafield><datafield tag="DAT" ind1="1" ind2=" "><subfield code="a">20190719090653.0</subfield><subfield code="b">2019-07-19T16:12:21Z</subfield></datafield><datafield tag="DAT" ind1="2" ind2=" "><subfield code="a">2015-10-10T18:00:06Z</subfield></datafield><datafield tag="CAT" ind1=" " ind2=" "><subfield code="a">SDR-MIU</subfield><subfield code="d">EX LIBRIS - ALEPH</subfield><subfield code="l">prepare.pl-004-008</subfield></datafield><datafield tag="FMT" ind1=" " ind2=" "><subfield code="a">BK</subfield></datafield><datafield tag="HOL" ind1=" " ind2=" "><subfield code="0">sdr-miu006833486</subfield><subfield code="a">MiU</subfield><subfield code="b">SDR</subfield><subfield code="c">MIU</subfield><subfield code="p">mdp.39015079131598</subfield><subfield code="s">MIU</subfield><subfield code="1">006833486</subfield></datafield><datafield tag="974" ind1=" " ind2=" "><subfield code="b">MIU</subfield><subfield code="c">MIU</subfield><subfield code="d">20190719</subfield><subfield code="s">lit-dlps-dc</subfield><subfield code="u">mdp.39015079131598</subfield><subfield code="y">1939</subfield><subfield code="r">ic-world</subfield><subfield code="q">man</subfield></datafield></record></collection>